@misc{spacy-visualizer-doc,
    title         = {Visualizers. spaCy Usage Documentation},
    year          = {2023},
    note          = {Accessed: 2023-12-04},
    howpublished  = {\url{https://spacy.io/usage/visualizers}}
}

@misc{word-embedding-example,
  title         = {On word embeddings - Part 1},
  year          = {2023},
  note          = {Accessed: 2023-12-05},
  howpublished  = {\url{https://www.ruder.io/word-embeddings-1/}}
}

@article{word2vec-paper-publication,
  title={Efficient estimation of word representations in vector space},
  author={Mikolov, Tomas and Chen, Kai and Corrado, Greg and Dean, Jeffrey},
  journal={arXiv preprint arXiv:1301.3781},
  year={2013}
}

@misc{bilstm_medium, 
  title={Understanding bidirectional LSTM for Sequential Data Processing},
  url={https://medium.com/@anishnama20/understanding-bidirectional-lstm-for-sequential-data-processing-b83d6283befc},journal={Medium}, publisher={Medium}, author={Anishnama}, year={2023}, month={5}
} 

@misc{seq2seq_analyticsvidhya,
  title={A Simple Introduction to Sequence to Sequence Models},
  url={https://www.analyticsvidhya.com/blog/2020/08/a-simple-introduction-to-sequence-to-sequence-models/},
  year={2020}, month= {11},
}

@misc{bahdanau2016neural,
  title={Neural Machine Translation by Jointly Learning to Align and Translate}, 
  author={Dzmitry Bahdanau and Kyunghyun Cho and Yoshua Bengio},
  year={2016},
  eprint={1409.0473},
  archivePrefix={arXiv},
  primaryClass={cs.CL}
}

@misc{voita2020nlpCourse,
  title={ {NLP} {C}ourse {F}or {Y}ou},
  url={https://lena-voita.github.io/nlp_course.html},
  author={Elena Voita},
  year={2020},
  month={9}
}

@article{attentionIsAllYouNeed,
  author       = {Ashish Vaswani and
                  Noam Shazeer and
                  Niki Parmar and
                  Jakob Uszkoreit and
                  Llion Jones and
                  Aidan N. Gomez and
                  Lukasz Kaiser and
                  Illia Polosukhin},
  title        = {Attention Is All You Need},
  journal      = {CoRR},
  volume       = {abs/1706.03762},
  year         = {2017},
  url          = {http://arxiv.org/abs/1706.03762},
  eprinttype    = {arXiv},
  eprint       = {1706.03762},
  timestamp    = {Sat, 23 Jan 2021 01:20:40 +0100},
  biburl       = {https://dblp.org/rec/journals/corr/VaswaniSPUJGKP17.bib},
  bibsource    = {dblp computer science bibliography, https://dblp.org}
}

@article{bert_jacob,
  author       = {Jacob Devlin and
                  Ming{-}Wei Chang and
                  Kenton Lee and
                  Kristina Toutanova},
  title        = {{BERT:} Pre-training of Deep Bidirectional Transformers for Language
                  Understanding},
  journal      = {CoRR},
  volume       = {abs/1810.04805},
  year         = {2018},
  url          = {http://arxiv.org/abs/1810.04805},
  eprinttype    = {arXiv},
  eprint       = {1810.04805},
  timestamp    = {Tue, 30 Oct 2018 20:39:56 +0100},
  biburl       = {https://dblp.org/rec/journals/corr/abs-1810-04805.bib},
  bibsource    = {dblp computer science bibliography, https://dblp.org}
}

@misc{huggingface,
  title         = {Hugging Face Hub documentation},
  year          = {2023},
  note          = {Accessed: 2023-12-15},
  howpublished  = {\url{https://huggingface.co/docs/hub/index}}
}

@inproceedings{phobert,
title     = {{PhoBERT: Pre-trained language models for Vietnamese}},
author    = {Dat Quoc Nguyen and Anh Tuan Nguyen},
booktitle = {Findings of the Association for Computational Linguistics: EMNLP 2020},
year      = {2020},
pages     = {1037--1042}
}

@misc{fastapi,
  title         = {FastAPI},
  year          = {2023},
  note          = {Accessed: 2023-12-15},
  howpublished  = {\url{https://fastapi.tiangolo.com/}}
}